%
% This is file `coppe.bib'.
%
% Bibliographic references for the documentation.
%
% Copyright (C) 2011 CoppeTeX Project and any individual authors listed
% elsewhere in this file.
%
% This program is free software; you can redistribute it and/or modify
% it under the terms of the GNU General Public License version 3 as
% published by the Free Software Foundation.
%
% This program is distributed in the hope that it will be useful,
% but WITHOUT ANY WARRANTY; without even the implied warranty of
% MERCHANTABILITY or FITNESS FOR A PARTICULAR PURPOSE. See the
% GNU General Public License version 3 for more details.
%
% You should have received a copy of the GNU General Public License
% version 3 along with this package (see COPYING file).
% If not and see <http://www.gnu.org/licenses/>.
%
% $URL: https://coppetex.svn.sourceforge.net/svnroot/coppetex/trunk/coppe.bib $
% $Id: coppe.bib 118 2008-10-18 14:17:06Z helano $
%
% Author(s): Vicente H. F. Batista
%            George O. Ainsworth Jr.
%

@ARTICLE{nlp-academics,
	author = "Zhao Liu and Huiying Zhu and Tham Yew Chong",
	title = {An NLP-PCA Based Trading Strategy On Chinese Stock Market},
	journal = {Advances in Social Science and Education and Humanities Research},
	volume = {334},
	number = {2},
	pages = {80--89},
	month = jul,
	year = 2019
}

@misc{nlp-industry,
	author = "Mackenzie Sedlak",
	title = {How Natural Language Processing is transforming the financial industry},
	howpublished = {\url{https://www.ibm.com/blogs/watson/2016/06/natural-language-processing-transforming-financial-industry-2/}},
	note = "Acessado em Dezembro/2019",
	year = 2016
}

@ARTICLE{pytext-paper,
	author = "Ahmed Aly and Kushal Lakhotia and Shicong Zhao and Mrinal Mohit and Barlas Oguz and Abhinav Arora and Sonal Gupta and Christopher Dewan and Stef Nelson-Lindall and Rushin Shah",
	title = {PYTEXT: A SEAMLESS PATH FROM NLP RESEARCH TO PRODUCTION},
	month = dez,
	year = 2018
}

@BOOK{book-example,
   author = "R. Abraham and J. E. Marsden and T. Ratiu",
   title = "Manifolds and Tensor Analysis and and Applications",
   edition = "2",
   address = "New York",
   publisher = "Springer-Verlag",
   year = "1988",
}

@TECHREPORT{techreport-exampleIn,
  author = "D. A. Garret",
  title = "The Microscopic Detection of Corrosion in Aluminum Aircraft Structures with Thermal Neutron Beams and Film Imaging Methods",
  type = "In: Report",
  number = "NBSIR 78-1434",
  institution = "National Bureau of Standards",
  address = "Washington and D.C.",
  year = "1977",
}

@TECHREPORT{techreport-example,
   author = "L. Maestrello",
   title = "Two-Point Correlations of Sound Pressure in the Far Field of a Jet: Experiment",
   type = "{NASA}",
   number = "{TM}~{X}-72835",
   year = 1976,
}

@INPROCEEDINGS{inproceedings-example,
   author = "M. E. Gurtin",
   title = "On the nonlinear theory of elasticity",
   booktitle = "Proceedings of the International Symposium on Continuum Mechanics and Partial Differential Equations: Contemporary Developments in Continuum Mechanics and Partial Differential Equations",
   pages = "237-253",
   address = "Rio de Janeiro",
   month = aug,
   year = 1977,
}


@INCOLLECTION{incollection-example,
   author = "S. C. Cowin",
   title = "Adaptive Anisotropy: An Example in Living Bone",
   booktitle = "Non-Classical Continuum Mechanics",
   series = "London Mathematical Society Lecture Note Series",
   volume = "122",
   publisher = "Cambridge University Press",
   pages = "174--186",
   year = 1987,
}

@INBOOK{inbook-example,
   author = "D. K. Edwards",
   title = "Thermal Radiation Measurements",
   address = "New York and USA",
   booktitle = "Measurements in Heat Transfer",
   publisher = "Hemisphere Publishing Corporation",
   editor = "E. R. G. Eckert and R. J. Goldstein",
   edition = 2,
   year = "1976",
   chapter = "10",
}

@MASTERSTHESIS{mastersthesis-example,
   author = "A. Tuntomo",
   title = "Transport Phenomena in a Small Particle with Internal Radiant Absorption",
   school = "University of California at Berkeley",
   type = "{Ph.D.} dissertation",
   address = "Berkeley and California and USA",
   year = 1990,
}

@PHDTHESIS{phdthesis-example,
   author = "Paes~Junior and H. R.",
   title = "Influ{\^e}ncia da Espessura da Camada Intr{\'i}nseca e Energia do Foton na Degrada{\c c}\~ao de C{\'e}lulas Solares de Sil{\'i}cio Amorfo Hidrogenado",
   school = "COPPE/UFRJ",
   address = "Rio de Janeiro and RJ and Brasil",
   type = "Tese de {D.Sc.}",
   year = 1994,
}
